@Online{github,
    author = "AdrikaMukherjee",
    title = {Whale Optimization Algorithm github},
    url  = "\url{https://github.com/AdrikaMukherjee/Whale-Optimization-Algorithm/blob/master/WOA.m}"
}

@online{metrics,
    author = "Machine Learning Metrics",
    title = "Tour of Evaluation Metrics for Imbalanced Classification",
    url  = "https://machinelearningmastery.com/tour-of-evaluation-metrics-for-imbalanced-classification/",
}

%https://www.newscientist.com/article/mg23731650-100-drone-captures-humpback-whales-catching-krill-with-bubbles/?utm_term=Autofeed&utm_campaign=Echobox&utm_medium=SOC&utm_source=Facebook#link_time=1519118347